<record><leader>00000cas a2200000 a 4500</leader><controlfield tag="001">899242471</controlfield><controlfield tag="008">150106d191619uuokuwr n       0    0eng c</controlfield><datafield ind1=" " ind2=" " tag="010"><subfield code="a">  2015269500</subfield></datafield><datafield ind1=" " ind2=" " tag="040"><subfield code="a">OUY</subfield><subfield code="b">eng</subfield><subfield code="c">OUY</subfield><subfield code="d">OUY</subfield><subfield code="d">DLC</subfield></datafield><datafield ind1=" " ind2=" " tag="042"><subfield code="a">pcc</subfield></datafield><datafield ind1="0" ind2=" " tag="130"><subfield code="a">Waynoka record (Waynoka, Okla.)</subfield></datafield><datafield ind1="1" ind2="4" tag="245"><subfield code="a">The Waynoka record.</subfield></datafield><datafield ind1=" " ind2=" " tag="260"><subfield code="a">Waynoka, Okla. :</subfield><subfield code="b">C. A. Hagan,</subfield><subfield code="c">[1916]-</subfield></datafield><datafield ind1=" " ind2=" " tag="300"><subfield code="a">v.</subfield></datafield><datafield ind1=" " ind2=" " tag="310"><subfield code="a">Weekly</subfield></datafield><datafield ind1="0" ind2=" " tag="362"><subfield code="a">Vol. 1, no. 48 (Mar. 16, 1916)-</subfield><subfield code="z">Cf. N.W. Ayer &amp; Son's American Newspaper Annual and Directory (1917).</subfield></datafield><datafield ind1=" " ind2=" " tag="500"><subfield code="a">Independent newspaper, 13 columns, 13 1/4 x 19 3/4, cf. N.W. Ayer &amp; Son's American Newspaper Annual and Directory (1917).</subfield></datafield><datafield ind1=" " ind2=" " tag="588"><subfield code="a">Description based on: vol. 1, no. 48 (Mar. 16, 1916); title from caption.</subfield></datafield><datafield ind1=" " ind2="0" tag="651"><subfield code="a">Waynoka (Okla.)</subfield><subfield code="v">Newspapers.</subfield></datafield><datafield ind1=" " ind2="0" tag="651"><subfield code="a">Woods County (Okla.)</subfield><subfield code="v">Newspapers.</subfield></datafield><datafield ind1=" " ind2="7" tag="651"><subfield code="a">Oklahoma</subfield><subfield code="z">Waynoka.</subfield><subfield code="2">fast</subfield><subfield code="0">(OCoLC)fst01876074</subfield></datafield><datafield ind1=" " ind2="7" tag="651"><subfield code="a">Oklahoma</subfield><subfield code="z">Woods County.</subfield><subfield code="2">fast</subfield><subfield code="0">(OCoLC)fst01259728</subfield></datafield><datafield ind1=" " ind2="7" tag="655"><subfield code="a">Newspapers.</subfield><subfield code="2">fast</subfield><subfield code="0">(OCoLC)fst01423814</subfield></datafield><datafield ind1=" " ind2=" " tag="752"><subfield code="a">United States</subfield><subfield code="b">Oklahoma</subfield><subfield code="c">Woods</subfield><subfield code="d">Waynoka.</subfield></datafield></record>